@Misc{自用模板,
howpublished = {\url{https://zhuanlan.zhihu.com/p/379360037}},
title = {【LaTeX】自用简洁模板（三）：课程笔记},
year={2021},
month={Jun.}
}